<?xml version="1.0" encoding="UTF-8"?><collection xmlns="http://www.loc.gov/MARC21/slim"><record><leader>00366nam--2200133-i-4500</leader><controlfield tag="001">000013288</controlfield><controlfield tag="002">20161230</controlfield><controlfield tag="005">20161230201030</controlfield><controlfield tag="008">060222s1000------------r-----000-0-eng-d</controlfield><datafield ind1=" " ind2=" " tag="080"><subfield code="a">539.14</subfield></datafield><datafield ind1=" " ind2=" " tag="100"><subfield code="a">Bohr, Aage And Mottelson, Ben R</subfield></datafield><datafield ind1=" " ind2=" " tag="245"><subfield code="a">Nuclear structure. ii.nuclear deformations</subfield></datafield><datafield ind1=" " ind2=" " tag="260"><subfield code="a">New York, W.A.Benjamin, Inc., 1975. Xvii + 748 P</subfield></datafield><datafield ind1=" " ind2=" " tag="852"><subfield code="a">31828</subfield></datafield></record></collection>